@article{liu2025embodiednav,
  author = {Liu, Yuxin and Liu, Lian and Zheng, Yujie and Dang, Fang and Li, Ning and Ma, Kede},
  title = {Embodied navigation},
  journal = {Science China Information Sciences},
  volume = {68},
  year = {2025},
  number = {141101},
  doi = {10.1007/s11432-024-4303-8}
}

@article{wu2024embodiedsurvey,
  author = {Wu, Yifan and Zhang, Peng and Gu, Ming and Zheng, Jiaqi and Bai, Xiaofei},
  title = {Embodied navigation with multi-modal information: A survey from tasks to methodology},
  journal = {Information Fusion},
  volume = {112},
  year = {2024},
  number = {102532},
  doi = {10.1016/j.inffus.2024.102532}
}
@misc{pew2021newsroom,
  title={U.S. newsroom employment has fallen 26\% since 2008},
  author={Pew Research Center},
  year={2021},
  url={https://www.pewresearch.org/short-reads/2021/07/13/u-s-newsroom-employment-has-fallen-26-since-2008/},
  note={Accessed: 2025-09-07}
}

@techreport{graefe2016guide,
  title={Guide to Automated Journalism},
  author={Graefe, Andreas},
  institution={Tow Center for Digital Journalism, Columbia University},
  year={2016},
  url={https://academiccommons.columbia.edu/doi/10.7916/D80G3XDJ},
  doi={10.7916/D80G3XDJ}
}

@article{montana2020automating,
  title={Automating the News: How Algorithms Are Rewriting the Media, Nicholas Diakopoulos (2019)},
  author={Montaña-Niño, Silvia},
  journal={Australian Journalism Review},
  volume={42},
  pages={139--140},
  year={2020},
  month={06},
  doi={10.1386/ajr_00029_5}
}

@inproceedings{reuters_tracer2017,
  title={Reuters Tracer: Toward Automated News Production Using Large Scale Social Media Data},
  author={Liu, X. and Nourbakhsh, A. and Li, Q. and Shah, S. and Martin, R. and Duprey, J.},
  booktitle={Proc. EMNLP},
  address={Copenhagen, Denmark},
  month={Sept.},
  year={2017},
  url={https://arxiv.org/abs/1711.04068},
  doi={10.48550/arXiv.1711.04068}
}

@article{mast2020,
  title={MAST: Multimodal Abstractive Summarization with Trimodal Hierarchical Attention},
  author={Khullar, Aman and Arora, Udit},
  journal={arXiv preprint arXiv:2010.08021},
  year={2020},
  month={Oct.},
  url={https://arxiv.org/abs/2010.08021},
  doi={10.48550/arXiv.2010.08021}
}

@article{mhms2022,
  title={MHMS: Multimodal Hierarchical Multimedia Summarization},
  author={Qiu, Jiezhong and others},
  journal={arXiv preprint arXiv:2204.03734},
  year={2022},
  month={Apr.},
  url={https://arxiv.org/abs/2204.03734},
  doi={10.48550/arXiv.2204.03734}
}

@article{xiaomingbot2020,
  title={Xiaomingbot: A Multilingual Robot News Reporter},
  author={Xu, R. and others},
  journal={arXiv preprint arXiv:2007.08005},
  year={2020},
  month={Jul.},
  url={https://arxiv.org/abs/2007.08005},
  doi={10.48550/arXiv.2007.08005}
}

@inproceedings{blab_reporter2022,
  title={BLAB Reporter: Automated Journalism Covering the Blue Amazon},
  author={Sym, Y. V. and Campos, J. G. M. and Cozman, F. G.},
  booktitle={Proc. 15th International Natural Language Generation: System Demonstrations (INLG-Demos)},
  address={Waterville, ME, USA},
  month={Jul.},
  year={2022},
  pages={1--3},
  url={https://aclanthology.org/2022.inlg-demos.1/},
  doi={10.48550/arXiv.2210.06431}
}

@article{selfcheckgpt2023,
  title={SelfCheckGPT: Zero-Resource Black-Box Hallucination Detection for Generative Large Language Models},
  author={Manakul, P. and Liusie, A. and Gales, M. J. F.},
  journal={arXiv preprint arXiv:2303.08896},
  year={2023},
  month={Mar. 15},
  url={https://arxiv.org/abs/2303.08896},
  doi={10.48550/arXiv.2303.08896}
}

@article{factscore2023,
  title={FActScore: Fine-grained Atomic Evaluation of Factual Precision in Long Form Text Generation},
  author={Min, S. and others},
  journal={arXiv preprint arXiv:2305.14251},
  year={2023},
  month={May},
  url={https://arxiv.org/abs/2305.14251},
  doi={10.48550/arXiv.2305.14251}
}

@misc{qafacteval2021,
  title={QAFactEval: Improved QA-Based Factual Consistency Evaluation for Summarization},
  author={Fabbri, Alexander R. and Wu, Chien-Sheng and Liu, Wenhao and Xiong, Caiming},
  year={2021},
  eprint={2112.08542},
  archivePrefix={arXiv},
  primaryClass={cs.CL},
  url={https://arxiv.org/abs/2112.08542}
}



@article{video_summarization_2024,
  title={Video Summarization Techniques: A Comprehensive Review},
  author={Alaa, Tarek and Mongy, Ahmed and Bakr, Ahmed and Diab, Mohamed and Gomaa, Walid},
  journal={arXiv preprint arXiv:2410.04449},
  year={2024},
  month={Oct.},
  url={https://arxiv.org/abs/2410.04449},
  doi={10.48550/arXiv.2410.04449}
}

@misc{li2024llavanextinterleavetacklingmultiimagevideo,
  title={LLaVA-NeXT-Interleave: Tackling Multi-image, Video, and 3D in Large Multimodal Models},
  author={Li, Feng and Zhang, Renrui and others},
  year={2024},
  eprint={2407.07895},
  archivePrefix={arXiv},
  primaryClass={cs.CV},
  url={https://arxiv.org/abs/2407.07895}
}

@inproceedings{radford2021clip,
  title={Learning Transferable Visual Models from Natural Language Supervision},
  author={Radford, Alec and others},
  booktitle={Proc. of the 38th Int. Conf. on Machine Learning (ICML)},
  publisher={PMLR},
  year={2021},
  url={https://arxiv.org/abs/2103.00020},
  doi={10.48550/arXiv.2103.00020}
}

@article{blip22023,
  title={BLIP-2: Bootstrapping Language-Image Pre-training with Frozen Image Encoders and Large Language Models},
  author={Li, J. and Li, D. and Savarese, S. and Hoi, S.},
  journal={arXiv preprint arXiv:2301.12597},
  year={2023},
  month={Jan.},
  url={https://arxiv.org/abs/2301.12597},
  doi={10.48550/arXiv.2301.12597}
}

@article{newsgpt2023,
  title={NewsGPT: ChatGPT Integration for Robot-Reporter},
  author={Hireche, A. and Belkacem, A. N. and Jamil, S. and Chen, C.},
  journal={arXiv preprint arXiv:2311.06640},
  year={2023},
  month={Nov.},
  url={https://arxiv.org/abs/2311.06640},
  doi={10.48550/arXiv.2311.06640}
}

@article{adversarial_data_collection_2025,
  title={Adversarial Data Collection: Human-Collaborative Perturbations for Efficient and Robust Robotic Imitation Learning},
  author={Huang, S. and others},
  journal={arXiv preprint arXiv:2503.11646},
  year={2025},
  month={Mar. 14},
  url={https://arxiv.org/abs/2503.11646},
  doi={10.48550/arXiv.2503.11646}
}

@article{sharedassembly_2025,
  title={SharedAssembly: A Data Collection Approach via Shared Tele-Assembly},
  author={Wu, Y. and Chen, X. and others},
  journal={arXiv preprint arXiv:2503.12287},
  year={2025},
  month={Mar. 15},
  url={https://arxiv.org/abs/2503.12287},
  doi={10.48550/arXiv.2503.12287}
}

@article{robots_diary_studies_2025,
  title={Exploring the Use of Robots for Diary Studies},
  author={Xu, M. F. and Mutlu, B.},
  journal={arXiv preprint arXiv:2501.04860},
  year={2025},
  month={Jan.},
  url={https://arxiv.org/abs/2501.04860},
  doi={10.48550/arXiv.2501.04860}
}

@inproceedings{duet2022,
  title={Think Global, Act Local: Dual-scale Graph Transformer for Vision-and-Language Navigation},
  author={Chen, S. and Guhur, P.-L. and Tapaswi, M. and Schmid, C. and Laptev, I.},
  booktitle={Proc. IEEE/CVF Conf. on Computer Vision and Pattern Recognition (CVPR)},
  address={New Orleans, LA, USA},
  month={Jun. 18--24},
  year={2022},
  pages={16516--16526},
  url={https://arxiv.org/abs/2202.11742},
  doi={10.48550/arXiv.2202.11742}
}

@article{saycan2022,
  title={Do As I Can, Not As I Say: Grounding Language in Robotic Affordances},
  author={Ahn, M. and others},
  journal={arXiv preprint arXiv:2204.01691},
  year={2022},
  month={Apr. 4},
  url={https://arxiv.org/abs/2204.01691},
  doi={10.48550/arXiv.2204.01691}
}

@article{brohan2022rt,
  title={RT-1: Robotics Transformer for Real-World Control at Scale},
  author={Brohan, A. and others},
  journal={arXiv preprint arXiv:2212.06817},
  year={2022},
  month={Dec.},
  url={https://arxiv.org/abs/2212.06817},
  doi={10.48550/arXiv.2212.06817}
}

@article{embodied_survey_2024,
  title={Embodied Intelligence: A Synergy of Morphology, Action, Perception and Learning},
  author={Liu, Huaping and Guo, Di and Cangelosi, Angelo},
  journal={ACM Comput. Surv.},
  volume={57},
  number={7},
  articleno={186},
  numpages={36},
  year={2025},
  month={mar},
  publisher={Association for Computing Machinery},
  address={New York, NY, USA},
  issn={0360-0300},
  url={https://doi.org/10.1145/3717059},
  doi={10.1145/3717059}
}

@inproceedings{alayrac2022flamingo,
  title={Flamingo: A Visual Language Model for Few-Shot Learning},
  author={Alayrac, J.-B. and others},
  booktitle={Proc. NeurIPS 2022},
  year={2022},
  url={https://arxiv.org/abs/2204.14198},
  doi={10.48550/arXiv.2204.14198}
}

@article{liu2023llava,
  title={Visual Instruction Tuning},
  author={Liu, H. and Li, C. and Wu, Q. and Lee, Y. J.},
  journal={arXiv preprint arXiv:2304.08485},
  year={2023},
  month={Apr. 17},
  url={https://arxiv.org/abs/2304.08485},
  doi={10.48550/arXiv.2304.08485}
}

@article{videollama3_2025,
  title={VideoLLaMA 3: Frontier Multimodal Foundation Models for Image and Video Understanding},
  author={Zhang, B. and others},
  journal={arXiv preprint arXiv:2501.13106},
  year={2025},
  month={Jan. 22},
  url={https://arxiv.org/abs/2501.13106},
  doi={10.48550/arXiv.2501.13106}
}

@misc{llama3_2024,
  title={The Llama 3 Herd of Models},
  author={Grattafiori, Aaron and Dubey, Abhimanyu and others},
  year={2024},
  eprint={2407.21783},
  archivePrefix={arXiv},
  primaryClass={cs.AI},
  url={https://arxiv.org/abs/2407.21783}
}

@inproceedings{whisper2022,
  title={Robust Speech Recognition via Large-Scale Weak Supervision},
  author={Radford, A. and Kim, J. W. and Xu, T. and Brockman, G. and McLeavey, C. and Sutskever, I.},
  booktitle={Proc. of the 40th Int. Conf. on Machine Learning (ICML)},
  publisher={PMLR},
  volume={202},
  month={Jul. 23--29},
  year={2023},
  pages={28492--28518},
  url={https://arxiv.org/abs/2212.04356},
  doi={10.48550/arXiv.2212.04356}
}

@article{herrero2024circular,
  title={Debunking News as a Journalistic Genre: From the Inverted Pyramid to a Circular Writing Model},
  author={Herrero-Diz, P. and Varona-Aramburu, D. and Pérez-Escolar, M.},
  journal={International Journal of Communication},
  volume={18},
  pages={1634--1656},
  year={2024},
  url={https://ijoc.org/index.php/ijoc/article/view/21570}
}

@misc{reimers2019sentencebertsentenceembeddingsusing,
  title={Sentence-BERT: Sentence Embeddings using Siamese BERT-Networks},
  author={Reimers, Nils and Gurevych, Iryna},
  year={2019},
  eprint={1908.10084},
  archivePrefix={arXiv},
  primaryClass={cs.CL},
  url={https://arxiv.org/abs/1908.10084}
}

@article{liu2019roberta,
  title={RoBERTa: A Robustly Optimized BERT Pretraining Approach},
  author={Liu, Y. and others},
  journal={arXiv preprint arXiv:1907.11692},
  year={2019},
  month={Jul.},
  url={https://arxiv.org/abs/1907.11692},
  doi={10.48550/arXiv.1907.11692}
}

@book{diakopoulos2019automating,
  title={Automating the News: How Algorithms are Rewriting the Media},
  author={Diakopoulos, Nicholas},
  year={2019},
  publisher={Harvard University Press}
}

@article{li2024llava,
  title={LLaVA-NeXT-Interleave: Tackling Multi-image, Video, and 3D in Large Multimodal Models},
  author={Li, Feng and Zhang, Renrui and others},
  journal={arXiv preprint arXiv:2407.07895},
  year={2024},
  url={https://arxiv.org/abs/2407.07895},
  doi={10.48550/arXiv.2407.07895}
}

@inproceedings{reimers2019sentencebert,
  title={Sentence-BERT: Sentence Embeddings using Siamese BERT-Networks},
  author={Reimers, Nils and Gurevych, Iryna},
  booktitle={Proceedings of the 2019 Conference on Empirical Methods in Natural Language Processing},
  year={2019},
  url={https://arxiv.org/abs/1908.10084},
  doi={10.48550/arXiv.1908.10084}
}

@misc{deepseekai2025deepseekr1incentivizingreasoningcapability,
  title={DeepSeek-R1: Incentivizing Reasoning Capability in LLMs via Reinforcement Learning}, 
  author={DeepSeek-AI},
  year={2025},
  eprint={2501.12948},
  archivePrefix={arXiv},
  primaryClass={cs.CL},
  url={https://arxiv.org/abs/2501.12948}
}
